<record><leader>00000cas a22000007a 4500</leader><controlfield tag="001">24183321</controlfield><controlfield tag="008">910806d19121983nyuwr ne      0    0eng d</controlfield><controlfield tag="009">550</controlfield><datafield ind1=" " ind2=" " tag="010"><subfield code="a">sn 91066642 </subfield></datafield><datafield ind1=" " ind2=" " tag="040"><subfield code="a">NYS</subfield><subfield code="b">eng</subfield><subfield code="c">NYS</subfield><subfield code="d">DLC</subfield><subfield code="d">NYS</subfield><subfield code="d">OCLCQ</subfield></datafield><datafield ind1="1" ind2=" " tag="029"><subfield code="a">AU@</subfield><subfield code="b">000025849533</subfield></datafield><datafield ind1=" " ind2=" " tag="042"><subfield code="a">msc</subfield></datafield><datafield ind1="0" ind2=" " tag="130"><subfield code="a">Monroe gazette (Monroe, N.Y.)</subfield></datafield><datafield ind1="0" ind2="4" tag="245"><subfield code="a">The Monroe gazette.</subfield></datafield><datafield ind1="3" ind2="0" tag="246"><subfield code="a">Monroe gazette and Central Highland herald</subfield></datafield><datafield ind1=" " ind2=" " tag="260"><subfield code="a">Monroe, Orange County, N.Y. :</subfield><subfield code="b">J.B. Gregory,</subfield><subfield code="c">1912-1983.</subfield></datafield><datafield ind1=" " ind2=" " tag="300"><subfield code="a">72 v. :</subfield><subfield code="b">ill.</subfield></datafield><datafield ind1=" " ind2=" " tag="310"><subfield code="a">Weekly</subfield></datafield><datafield ind1="0" ind2=" " tag="362"><subfield code="a">Vol. 4, no. 48 (Jan. 26, 1912)-v. 75, no. 45 (Jan. 13, 1983).</subfield></datafield><datafield ind1=" " ind2=" " tag="500"><subfield code="a">Published as: Monroe gazette and Central Highland herald, &lt;Jan. 9, 1919-May 1, 1919&gt;.</subfield></datafield><datafield ind1=" " ind2="4" tag="651"><subfield code="a">Monroe (N.Y.)</subfield><subfield code="v">Newspapers.</subfield></datafield><datafield ind1=" " ind2=" " tag="752"><subfield code="a">United States</subfield><subfield code="b">New York</subfield><subfield code="c">Orange</subfield><subfield code="d">Monroe.</subfield></datafield><datafield ind1="0" ind2="0" tag="780"><subfield code="t">Ramapo Valley gazette</subfield><subfield code="w">(DLC)sn 91066641</subfield><subfield code="w">(OCoLC)24184102</subfield></datafield><datafield ind1="0" ind2="5" tag="780"><subfield code="t">Central Highland herald</subfield><subfield code="w">(DLC)sn 91066643</subfield><subfield code="w">(OCoLC)24184900</subfield></datafield></record>